@article{bib:fulano-artigo,
  author = "Fulano de Tal",
  title = "Artigo do Fulano",
  journal = "Super Journal of Things",
  year = "2016"
}

@book{bib:fulano-livro,
  author = "Fulano de Tal and Cicrano da Silva",
  title = "Como viver para sempre",
  year = "1810",
  publisher = "Livros Falsos Ltda"
}

@article{bib:sem-cit,
  author = "Fulano de Tal",
  title = "Reflexões",
  year = "1980",
  journal = "Revista que aceita qualquer coisa"
}

@article{bib:omitido,
  author = "Cicrano de Silva",
  title = "Como viajar no tempo",
  year = "2019",
  journal = "Journal of Professor Brown"
}

@misc{bib:reginaldo,
  author = "Reginaldo J. Santos",
  title = "Introdução ao \LaTeX",
  address = "Universidade Federal de Minas Gerais",
  url = "http://www.mat.ufmg.br/~regi/topicos/intlat.pdf"
}

@misc{bib:sharelatex,
  title = "Documentação do ShareLaTeX",
  url = "https://pt.sharelatex.com/learn"
}

@misc{bib:wikibooks,
  title = "Wikibooks: \LaTeX",
  url = "https://en.wikibooks.org/wiki/LaTeX"
}

@misc{bib:stacktex,
  title = "StackExchange: TeX",
  url = "http://tex.stackexchange.com/"
}
